@online{ClassroomBuilding2_Leg1,
	author = {浪迹天涯},
	title = {发生在清华二教的故事——别人说的},
	url = {http://k-irk.blog.sohu.com/53318128.html},
	date = {2007-07-02},
	urldate = {2020-08-14}
}

@online{ClassroomBuilding2_Leg2,
	author = {王一沉},
	url = {https://www.zhihu.com/question/34884891/answer/60272464},
	date = {2015-08-22},
	urldate = {2020-08-14}
}

@online{ClassroomBuilding6_Leg1,
	author = {果程C},
	url = {https://www.zhihu.com/question/35761393/answer/68644176},
	date = {2015-10-21},
	urldate = {2020-08-14}
}

@online{WanquanRiver_Leg1,
	author = {羊},
	title = {清华灵异事件/地点不完全搜集},
	url = {https://www.douban.com/note/33741756/?type=rec},
	date = {2009-05-17},
	urldate = {2020-08-14}
}

@online{ClassroomBuilding2_Info1_THU,
	author = {学在清华},
	title = {解救路痴 | 清华教室最强指南},
	url = {https://mp.weixin.qq.com/s/SHW-wviq3NYemcHZBRgi5w},
	date = {2018-09-16},
	urldate = {2020-08-14}
}

@online{ClassroomBuilding2_Info2_Wikipedia,
	author = {维基百科},
	title = {清华大学第二教室楼},
	url = {https://zh.wikipedia.org/zh-cn/%E6%B8%85%E8%8F%AF%E5%A4%A7%E5%AD%B8%E7%AC%AC%E4%BA%8C%E6%95%99%E5%AE%A4%E6%A8%93},
	date = {2020-03-14},
	urldate = {2020-08-14}
}

@online{ClassroomBuilding2_Anal1,
	author = {王子元},
	title = {二教到底为什么晚上不开？},
	url = {https://www.zhihu.com/question/34884891/answer/60257293},
	date = {2015-09-21},
	urldate = {2020-08-14}
}
